#RECUIT SIMULE (add it to subsection fonction objectif)
#Recuit  simulé , ref of the figure (Swap) in subsection generation des voisins 
@inproceedings{sonuc2017solving,
  title={Solving bin packing problem using simulated annealing},
  author={Sonuc, E and Sen, B and Bayir, S},
  booktitle={Proceedings of 65th ISERD international conference, Mecca, Saudi Arabia},
  year={2017}
}
#Recuit simulé [2] 
@article{kirkpatrick1983optimization,
  title={Optimization by simulated annealing},
  author={Kirkpatrick, Scott and Gelatt, C Daniel and Vecchi, Mario P},
  journal={science},
  volume={220},
  number={4598},
  pages={671--680},
  year={1983},
  publisher={American association for the advancement of science}
}
# AG [1]
@article{holland1975adaptation,
  title={adaptation in natural and artificial systems, university of michigan press, ann arbor,”},
  author={Holland, JohnH},
  journal={Cit{\'e} page},
  volume={100},
  year={1975}
}
#AG [2]
@book{cheng2000genetic,
  title={Genetic algorithms and engineering optimization},
  author={Cheng, Runwei},
  year={2000},
  publisher={Wiley-Interscience}
}
#AG , add it to subsection schema de representation 
@article{mohamadi2010application,
  title={Application of genetic algorithm for the bin packing problem with a new representation scheme},
  author={Mohamadi, N},
  year={2010},
  publisher={MATHEMATICAL SCIENCES}
}
# irace [49]
@inproceedings{maron1994hoeffding,
  title={Hoeffding races: Accelerating model selection search for classification and function approximation},
  author={Maron, Oded and Moore, Andrew W},
  booktitle={Advances in neural information processing systems},
  pages={59--66},
  year={1994}
}
#irace [50]
@article{maron1997racing,
  title={The racing algorithm: Model selection for lazy learners},
  author={Maron, Oden and Moore, Andrew W},
  journal={Artificial Intelligence Review},
  volume={11},
  number={1-5},
  pages={193--225},
  year={1997},
  publisher={Springer}
}
#irace [45]
@inproceedings{birattari2002racing,
  title={A Racing Algorithm for Configuring Metaheuristics.},
  author={Birattari, Mauro and St{\"u}tzle, Thomas and Paquete, Luis and Varrentrapp, Klaus and others},
  booktitle={Gecco},
  volume={2},
  number={2002},
  year={2002}
}

#irace [31]
@book{birattari2009tuning,
  title={Tuning metaheuristics: a machine learning perspective},
  author={Birattari, Mauro and Kacprzyk, Janusz},
  volume={197},
  year={2009},
  publisher={Springer}
}
#irace [64]
@inproceedings{balaprakash2007improvement,
  title={Improvement strategies for the F-Race algorithm: Sampling design and iterative refinement},
  author={Balaprakash, Prasanna and Birattari, Mauro and St{\"u}tzle, Thomas},
  booktitle={International workshop on hybrid metaheuristics},
  pages={108--122},
  year={2007},
  organization={Springer}
}
#irace , the documentation of irace package (+ URL) 
#if this made an error don't forget to import url
@article{lopez2016irace,
  title={The irace package: Iterated racing for automatic algorithm configuration},
  author={L{\'o}pez-Ib{\'a}{\~n}ez, Manuel and Dubois-Lacoste, J{\'e}r{\'e}mie and C{\'a}ceres, Leslie P{\'e}rez and Birattari, Mauro and St{\"u}tzle, Thomas},
  journal={Operations Research Perspectives},
  note={\url {https://cran.r-project.org/package=irace}},
  volume={3},
  pages={43--58},
  year={2016},
  publisher={Elsevier}
}
#Worse case analysis [1]
@article{anily1994worst,
  title={Worst-case analysis of heuristics for the bin packing problem with general cost structures},
  author={Anily, Shoshana and Bramel, Julien and Simchi-Levi, David},
  journal={Operations research},
  volume={42},
  number={2},
  pages={287--298},
  year={1994},
  publisher={INFORMS}
}
#Heuristiques couldn't find where sarah used this ref :/ soorryyy
@article{rieck2010basic,
  title={Basic analysis of bin-packing heuristics},
  author={Rieck, Bastian},
  journal={Publicado por Interdisciplinary Center for Scientific Computing. Heildelberg University},
  year={2010}
}
#WOA conception 
#Etat de l'art [6]
@article{mirjalili2016whale,
  title={The whale optimization algorithm},
  author={Mirjalili, Seyedali and Lewis, Andrew},
  journal={Advances in engineering software},
  volume={95},
  pages={51--67},
  year={2016},
  publisher={Elsevier}
}
#ILWOA conception 
#Etat de l'art [7]
@article{abdel2018improved,
  title={An improved nature inspired meta-heuristic algorithm for 1-D bin packing problems},
  author={Abdel-Basset, Mohamed and Manogaran, Gunasekaran and Abdel-Fatah, Laila and Mirjalili, Seyedali},
  journal={Personal and Ubiquitous Computing},
  volume={22},
  number={5-6},
  pages={1117--1132},
  year={2018},
  publisher={Springer}
}
#Branch and bound conception add to partie borne L2  
@article{martello1990lower,
  title={Lower bounds and reduction procedures for the bin packing problem},
  author={Martello, Silvano and Toth, Paolo},
  journal={Discrete applied mathematics},
  volume={28},
  number={1},
  pages={59--70},
  year={1990},
  publisher={Elsevier}
}
# etat de l'art 
# etat de l’art : DF→ definition
@article{martinez2013exact,
  title={Exact algorithms for the bin packing problem with fragile objects},
  author={Mart{\'\i}nez, Manuel A Alba and Clautiaux, Fran{\c{c}}ois and Dell’Amico, Mauro and Iori, Manuel},
  journal={Discrete Optimization},
  volume={10},
  number={3},
  pages={210--223},
  year={2013},
  publisher={Elsevier}
}
#Etat de l'art [1]
@manual{key,
  title        = {Bin packing problem},
  note={\url{http://www.or.deis.unibo.it/kp/Chapter8.pdf}},
}

#Etat de l'art [2]
@article{delorme2016bin,
  title={Bin packing and cutting stock problems: Mathematical models and exact algorithms},
  author={Delorme, Maxence and Iori, Manuel and Martello, Silvano},
  journal={European Journal of Operational Research},
  volume={255},
  number={1},
  pages={1--20},
  year={2016},
  publisher={Elsevier}
}

#Etat de l'art [3]
@article{ivkovic1998fully,
  title={Fully dynamic algorithms for bin packing: Being (mostly) myopic helps},
  author={Ivkovic, Zoran and Lloyd, Errol L},
  journal={SIAM Journal on Computing},
  volume={28},
  number={2},
  pages={574--611},
  year={1998},
  publisher={SIAM}
}

#Etat de l'art [4]
@article{man1996approximation,
  title={Approximation algorithms for bin packing: A survey},
  author={man Jr, EG Co and Garey, MR and Johnson, DS},
  journal={Approximation algorithms for NP-hard problems},
  pages={46--93},
  year={1996}
}

#Etat de l'art [5]
@inproceedings{mannai2018guided,
  title={A guided tabu search for the vector bin packing problem},
  author={Mannai, Farida and Boulehmi, Mongi},
  booktitle={The 2018 International Conference of the African Federation of Operational Research Societies (AFROS 2018)},
  year={2018}
}

#Etat de l'art [8]
@article{yesodha2015study,
  title={A study on bio-inspired metaheuristics for solving vehicle routing problem},
  author={Yesodha, R and Amudha, T},
  journal={Indian Journal of Science and Technology},
  volume={8},
  number={25},
  pages={1},
  year={2015},
  publisher={Indian Society for Education and Environment}
}
 
 @incollection{JAMIL201349,
title = "3 - Lévy Flights and Global Optimization",
editor = "Xin-She Yang and Zhihua Cui and Renbin Xiao and Amir Hossein Gandomi and Mehmet Karamanoglu",
booktitle = "Swarm Intelligence and Bio-Inspired Computation",
publisher = "Elsevier",
address = "Oxford",
pages = "49 - 72",
year = "2013",
isbn = "978-0-12-405163-8",
doi = "https://doi.org/10.1016/B978-0-12-405163-8.00003-X",
url = "http://www.sciencedirect.com/science/article/pii/B978012405163800003X",
author = "Momin Jamil and Hans-Jürgen Zepernick",
keywords = "Metaheuristic algorithms, Lévy flights, global optimization, intensification, diversification"

}
@article{hyde2009hyflex,
  title={A hyflex module for the one dimensional bin-packing problem},
  author={Hyde, Matthew and Ochoa, Gabriela and Curtois, T and V{\'a}zquez-Rodr{\'\i}guez, JA},
  journal={School of Computer Science, University of Nottingham, Tech. Rep},
  year={2009}
}

#51 
@incollection{birattari2010f,
  title={F-Race and iterated F-Race: An overview},
  author={Birattari, Mauro and Yuan, Zhi and Balaprakash, Prasanna and St{\"u}tzle, Thomas},
  booktitle={Experimental methods for the analysis of optimization algorithms},
  pages={311--336},
  year={2010},
  publisher={Springer}
}

#38
@incollection{birattari2009f,
  title={F-race for tuning metaheuristics},
  author={Birattari, Mauro},
  booktitle={Tuning metaheuristics},
  pages={85--115},
  year={2009},
  publisher={Springer}
}