@article{Holland,
    author = "Holland J",
    title = "{Adaptation in natural and artificial systems}. ({English})",
    journal = "MIT press, Cambridge",
    year = {(1975,1992)},
 }

@article{Alkhateeb,
    title = {Solving 8-Queens Problem by Using Genetic Algorithms, Simulated Annealing, and Randomization Method},
    author = {Al-Khateeb B, Tareq WZ},
    year = {2013},
    journal="International Conference on Developments in eSystems Engineering (DeSE)",
    pages = "187–191",
    DOI="10.1109/DeSE.2013.41"
}

@article{Junghans,
    title = {Hybrid single objective genetic algorithm coupled with the simulated annealing optimization method for building optimization.},
    author = {Junghans L, Darde N},
    year = {2015},
    journal = "",
    pages = "187–191",
    DOI="10.1016/j.enbuild.2014.10.039",
}

@article{Chen,
    title = {Hybrid of genetic algorithm and simulated annealing for multiple project scheduling with multiple resource constraints.},
    author = {Chen PH, Shahandashti SM},
    year = {2009},
    journal = "",
    pages = "18:434–443",
    DOI="10.1016/j.autcon.2008.10.007",
}

@article{Mohamadi,
    title = {Application of Genetic Algorithm for the Bin PackingProblem with a New Representation Scheme.},
    author = {N. Mohamadi},
    year = {2010}, 
    journal = "",

}
@article{kirk,
    title = {Optimization by Simulated Annealing.},
    author = {S.Kirkpatrick, C.D.Gelatt, Jr. M.P.Vecchi},
    year = {1983},
    journal = "",
 
}

@article{Gusti,
    title = {Hybrid Genetic Algorithm and Simulated Annealing for Function Optimization.},
    author = {Gusti and Andreas and Tirana and M.Shochibul and F.Wayan},
    year = {2017},
    journal = "",
    DOI = "10.25126/jitecs.20161215",
}

@misc{irace,
  author = {CRAN R package },
  title = {IRACE},
  howpublished = "\url{https://cran.r-project.org/package=irace}",
}
@inbook{survey,
    title = {Experimental Methods for the Analysis of Optimization 311 Algorithms},
    chapter = {13},
    pages = {312-333},
    publisher ={Springer-Verlag Berlin Heidelberg},
    author = {Mauro Birattari and Zhi Yuan and Prasanna Balaprakash and Thomas Stützle},
    year = {2010},
    DOI = "10.1007/978-3-642-02538-9\_13,",
}
@manual{Scholl,
  title        = {Scholl Benchmark},
  note= "\url{https://www2.wiwi.uni-jena.de/Entscheidung/binpp/index.html}"
}
@article{WOA,
  title={The whale optimization algorithm},
  author={Mirjalili, Seyedali and Lewis, Andrew},
  journal={Advances in engineering software},
  volume={95},
  pages={51--67},
  year={2016},
  publisher={Elsevier}
}
@article{ILWOA,
  title={An improved nature inspired meta-heuristic algorithm for 1-D bin packing problems},
  author={Abdel-Basset, Mohamed and Manogaran, Gunasekaran and Abdel-Fatah, Laila and Mirjalili, Seyedali},
  journal={Personal and Ubiquitous Computing},
  volume={22},
  number={5-6},
  pages={1117--1132},
  year={2018},
  publisher={Springer}
}
@article{talbi2002taxonomy,
  title={A taxonomy of hybrid metaheuristics},
  author={Talbi, E-G},
  journal={Journal of heuristics},
  volume={8},
  number={5},
  pages={541--564},
  year={2002},
  publisher={Springer}
}