% Encoding: UTF-8

@Article{DPFlow,
  author  = {Maxence Delorme, Manuel Iori, Silvano Martello ,DEI “Guglielmo Marconi”,},
  journal = {University of Bologna (2)DISMI, University of Modena and Reggio Emilia},
  title   = {Bin Packing and Cutting Stock Problems: Mathematical Models and Exact Algorithms},
}

@Electronic{MMp,
        = {https://www.labri.fr/perso/eyraud/pmwiki/uploads/Main/Ivkovic1993-FullyDynamic.pdf},
  title = {https://www.labri.fr/perso/eyraud/pmwiki/uploads/Main/Ivkovic1993-FullyDynamic.pdf},
}

@Electronic{HF,
        = {https://www.labri.fr/perso/eyraud/pmwiki/uploads/Main/BinPackingSurvey.pdf},
  title = {https://www.labri.fr/perso/eyraud/pmwiki/uploads/Main/BinPackingSurvey.pdf},
}

@Electronic{ILWOA,
       = {https://www.researchgate.net/publication/322237074},
  url  = {https://www.researchgate.net/publication/322237074},
  file = {:Downloads/ChaoticWhaleoptimizationalgorithm.pdf:PDF},
}

@Book{MaretlloToth,
  author = {Martello ,Toth},
  title  = {http://www.or.deis.unibo.it/kp/Chapter8.pdf},
}

@article{FFA,
  author  = {R Yesodha ; AmudhaT},
  journal = {International Journal of Emerging Technologies in Computational and Applied Sciences (IJETCAS)},
  title   = {Bio-inspired Metaheuristics for Bin Packing Problems},
  url     = {https://www.researchgate.net/publication/332901649},
}

@Comment{jabref-meta: databaseType:bibtex;}
